<record><leader>00000cas a2200000 a 4500</leader><controlfield tag="001">30613075</controlfield><controlfield tag="008">940615d19001909orucr ne      0   a0eng c</controlfield><datafield ind1=" " ind2=" " tag="010"><subfield code="a">sn 93051660 </subfield></datafield><datafield ind1=" " ind2=" " tag="040"><subfield code="a">CUY</subfield><subfield code="b">eng</subfield><subfield code="c">CNK</subfield><subfield code="d">OCN</subfield><subfield code="d">OCLCQ</subfield><subfield code="d">ORU</subfield><subfield code="d">OCLCQ</subfield><subfield code="d">ORU</subfield><subfield code="d">OCLCF</subfield><subfield code="d">OCLCO</subfield><subfield code="d">DLC</subfield></datafield><datafield ind1="0" ind2=" " tag="022"><subfield code="a">2470-7945</subfield><subfield code="2">1</subfield></datafield><datafield ind1=" " ind2=" " tag="042"><subfield code="a">pcc</subfield><subfield code="a">nsdp</subfield></datafield><datafield ind1=" " ind2=" " tag="043"><subfield code="a">n-us-or</subfield></datafield><datafield ind1="0" ind2="0" tag="050"><subfield code="a">Newspaper</subfield></datafield><datafield ind1="1" ind2="0" tag="082"><subfield code="a">071</subfield><subfield code="2">23</subfield></datafield><datafield ind1="0" ind2=" " tag="130"><subfield code="a">Corvallis gazette (Corvallis, Or. : 1900)</subfield></datafield><datafield ind1=" " ind2="0" tag="222"><subfield code="a">Corvallis gazette</subfield><subfield code="b">(Corvallis, Or. 1900. Print)</subfield></datafield><datafield ind1="1" ind2="0" tag="245"><subfield code="a">Corvallis gazette.</subfield></datafield><datafield ind1="1" ind2="3" tag="246"><subfield code="a">Corvallis semi-weekly gazette</subfield></datafield><datafield ind1="1" ind2="3" tag="246"><subfield code="a">Corvallis gazette semi-weekly</subfield></datafield><datafield ind1="1" ind2="3" tag="246"><subfield code="a">Corvallis weekly gazette</subfield></datafield><datafield ind1="1" ind2="3" tag="246"><subfield code="a">Corvallis gazette weekly</subfield></datafield><datafield ind1=" " ind2=" " tag="260"><subfield code="a">Corvallis, Benton County, Or. :</subfield><subfield code="b">[s.n.],</subfield><subfield code="c">1900-1909.</subfield></datafield><datafield ind1=" " ind2=" " tag="300"><subfield code="a">11 v.</subfield></datafield><datafield ind1=" " ind2=" " tag="310"><subfield code="a">Semiweekly</subfield></datafield><datafield ind1="0" ind2=" " tag="362"><subfield code="a">Vol. 37, no. 18 (Apr. 27, 1900)-v. 47, no. 38 (Apr. 30, 1909).</subfield></datafield><datafield ind1=" " ind2=" " tag="500"><subfield code="a">"Semi-weekly" appears below masthead ornament on Tuesdays and "Weekly" appears below masthead ornament on Fridays until &lt;February, 1904&gt;.</subfield></datafield><datafield ind1=" " ind2=" " tag="515"><subfield code="a">Some irregularities in numbering.</subfield></datafield><datafield ind1=" " ind2=" " tag="530"><subfield code="a">Also issued on microfilm from University of Oregon.</subfield></datafield><datafield ind1=" " ind2=" " tag="530"><subfield code="a">Archived issues are available in digital format from the Library of Congress Chronicling America online collection.</subfield></datafield><datafield ind1=" " ind2="0" tag="651"><subfield code="a">Corvallis (Or.)</subfield><subfield code="v">Newspapers.</subfield></datafield><datafield ind1=" " ind2="7" tag="651"><subfield code="a">Oregon</subfield><subfield code="z">Corvallis.</subfield><subfield code="2">fast</subfield><subfield code="0">(OCoLC)fst01205176</subfield></datafield><datafield ind1=" " ind2="7" tag="655"><subfield code="a">Newspapers.</subfield><subfield code="2">fast</subfield><subfield code="0">(OCoLC)fst01423814</subfield></datafield><datafield ind1=" " ind2=" " tag="752"><subfield code="a">United States</subfield><subfield code="b">Oregon</subfield><subfield code="c">Benton</subfield><subfield code="d">Corvallis.</subfield></datafield><datafield ind1="0" ind2="8" tag="776"><subfield code="i">Online version:</subfield><subfield code="t">Corvallis gazette (Corvallis, Or. : 1900)</subfield><subfield code="x">2470-7953</subfield><subfield code="w">(DLC)  2015270858</subfield><subfield code="w">(OCoLC)938005918</subfield></datafield><datafield ind1="0" ind2="0" tag="780"><subfield code="t">Union gazette (Corvallis, Or.)</subfield><subfield code="w">(DLC)sn 93051659</subfield><subfield code="w">(OCoLC)30613085</subfield></datafield><datafield ind1="0" ind2="0" tag="785"><subfield code="t">Corvallis weekly gazette</subfield><subfield code="w">(DLC)sn 96088338</subfield><subfield code="w">(OCoLC)36710843</subfield></datafield><datafield ind1="4" ind2="1" tag="856"><subfield code="u">http://www.loc.gov/chroniclingamerica/lccn/sn93051660/issues</subfield></datafield><datafield ind1="1" ind2=" " tag="029"><subfield code="a">AU@</subfield><subfield code="b">000025896758</subfield></datafield></record>